@misc{einstein,
title = {Albert Einstein: 10 of his best quotes},
urldate = {2018-01-09},
url = {http://www.telegraph.co.uk/news/science/science-news/9176616/Albert-Einstein-10-of-his-best-quotes.html},
}

@misc{lastline,
title = {{Advanced Malware Protection, Malware Analysis, Malware Detection | Lastline}},
url = {https://www.lastline.com/},
urldate = {2018-01-10}
}

@misc{whitehouse,
title = {{How author Michael Wolff got his 'fly-on-the-wall' access to the Trump White House}},
url = {https://eu.usatoday.com/story/news/politics/2018/01/04/how-author-michael-wolff-got-his-fly-wall-access-trump-white-house/1003673001},
urldate = {2018-06-01}
}

@article{mahmoud,
author = {Khonji, Mahmoud and Iraqi, Youssef and Jones, Andrew},
doi = {10.1109/SURV.2013.032213.00009},
issn = {1553-877X},
journal = {IEEE Communications Surveys {\&} Tutorials},
number = {4},
pages = {2091--2121},
title = {{Phishing Detection: A Literature Survey}},
url = {http://ieeexplore.ieee.org/document/6497928/},
volume = {15},
year = {2013}
}

@inproceedings{cantina,
  added-at = {2010-10-27T03:40:56.000+0200},
  author = {Zhang, Yue and Hong, Jason and Cranor, Lorrie},
  biburl = {https://www.bibsonomy.org/bibtex/22cb49719bddcefae40eb87844fe53a36/liangzk},
  booktitle = {#WWW07#},
  file = {zhang07www.pdf:www/2007/zhang07www.pdf:PDF},
  interhash = {f1bd06bc5ae9bd43e1253e086f9f18de},
  intrahash = {2cb49719bddcefae40eb87844fe53a36},
  keywords = {phishing},
  timestamp = {2010-10-27T03:40:56.000+0200},
  title = {{CANTINA}: A Content-Based Approach to Detecting Phishing Web Sites},
  year = 2007
}

@inproceedings{phishingovertime,
address = {New York, New York, USA},
author = {Cui, Qian and Jourdan, Guy-Vincent and Bochmann, Gregor V. and Couturier, Russell and Onut, Iosif-Viorel},
booktitle = {Proceedings of the 26th International Conference on World Wide Web - WWW '17},
doi = {10.1145/3038912.3052654},
isbn = {9781450349130},
keywords = {clustering,phishing detection},
pages = {667--676},
publisher = {ACM Press},
title = {{Tracking Phishing Attacks Over Time}},
url = {http://dl.acm.org/citation.cfm?doid=3038912.3052654},
year = {2017}
}

@misc{proofpoint,
title = {{Hook, line, and sinker - A closer look at a sophisticated phishing kit | Proofpoint United Kingdom (GB)}},
url = {https://www.proofpoint.com/uk/threat-insight/post/hook-line-sinker-sophisticated-phishing-kit},
urldate = {2017-12-31}
}


@misc{bitcoin,
title = {{Bitcoin.com | Bitcoin News and Technology Source}},
url = {https://www.bitcoin.com/},
urldate = {2018-06-16}
}

@misc{phishtank,
title = {{PhishTank | Join the fight against phishing}},
url = {https://www.phishtank.com/},
urldate = {2017-12-31}
}

@inproceedings{freephish,
  title={There Is No Free Phish: An Analysis of "Free" and Live Phishing Kits},
  author={Marco Cova and Christopher Kr{\"u}gel and Giovanni Vigna},
  booktitle={WOOT},
  year={2008}
}

@misc{https,
title = {{Phishing Schemes Are Using HTTPS Encrypted Sites to Seem Legit | WIRED}},
url = {https://www.wired.com/story/phishing-schemes-use-encrypted-sites-to-seem-legit/},
urldate = {2017-12-31}
}

@misc{apwg,
title = {{Phishing Activity Trends Report 4Q 2017}},
url = {http://docs.apwg.org/reports/apwg_trends_report_q4_2017.pdf},
urldate = {2018-06-16}
}


@article{phindingphish,
author = {Zhang, Yue and Cranor, Lorrie and Egelman, Serge and Hong, Jason},
journal = {HumanComputer Interaction Institute},
month = {1},
number = {Paper 76},
title = {{Phinding phish: Evaluating anti-phishing tools}},
url = {http://repository.cmu.edu/hcii/76/},
year = {2006}
}

@inproceedings{phisheye,
address = {New York, New York, USA},
author = {Han, Xiao and Kheir, Nizar and Balzarotti, Davide},
booktitle = {Proceedings of the 2016 ACM SIGSAC Conference on Computer and Communications Security - CCS'16},
doi = {10.1145/2976749.2978330},
isbn = {9781450341394},
issn = {15437221},
pages = {1402--1413},
publisher = {ACM Press},
title = {{PhishEye}},
url = {http://dl.acm.org/citation.cfm?doid=2976749.2978330},
year = {2016}
}

@misc{tfidf,
title = {{Tf-idf {\_}{\_} A Single-Page Tutorial - Information Retrieval and Text Mining}},
url = {http://www.tfidf.com/},
urldate = {2018-01-18},
year = {2010}
}

@misc{ccdf,
title = {{VSS Measurement Catalog: Complementary Cumulative Distribution Function: CCDF}},
url = {https://awrcorp.com/download/faq/english/docs/VSS{\_}Measurements/ccdf.htm},
urldate = {2018-01-18}
}


@inproceedings{domtreestructure,
address = {New York, New York, USA},
author = {Nguyen, Le Dang and Le, Dac-Nhuong and Vinh, Le Trong},
booktitle = {Proceedings of the Fifth Symposium on Information and Communication Technology - SoICT '14},
doi = {10.1145/2676585.2676596},
isbn = {9781450329309},
keywords = {DOM-tree,genetic algorithm,graph matching,phishing detection,tree matching},
pages = {280--285},
publisher = {ACM Press},
title = {{Detecting phishing web pages based on DOM-tree structure and graph matching algorithm}},
url = {http://dl.acm.org/citation.cfm?doid=2676585.2676596},
year = {2014}
}

@inproceedings{largescaleautomatic,
  added-at = {2011-08-31T00:00:00.000+0200},
  author = {Whittaker, Colin and Ryner, Brian and Nazif, Marria},
  biburl = {https://www.bibsonomy.org/bibtex/20b5ce43e5de869082e6d288580a200b8/dblp},
  booktitle = {NDSS},
  ee = {http://www.isoc.org/isoc/conferences/ndss/10/pdf/08.pdf},
  interhash = {a599befc0072e86ea0730d1bd1922628},
  intrahash = {0b5ce43e5de869082e6d288580a200b8},
  keywords = {dblp},
  publisher = {The Internet Society},
  timestamp = {2011-09-01T11:33:11.000+0200},
  title = {Large-Scale Automatic Classification of Phishing Pages.},
  url = {http://dblp.uni-trier.de/db/conf/ndss/ndss2010.html#WhittakerRN10},
  year = 2010
}

@inproceedings{layoutsimilarity,
author = {Rosiello, Angelo P. E. and Kirda, Engin and Kruegel, Christopher and Ferrandi, Fabrizio},
booktitle = {2007 Third International Conference on Security and Privacy in Communications Networks and the Workshops - SecureComm 2007},
doi = {10.1109/SECCOM.2007.4550367},
isbn = {978-1-4244-0974-7},
pages = {454--463},
publisher = {IEEE},
title = {{A layout-similarity-based approach for detecting phishing pages}},
url = {http://ieeexplore.ieee.org/document/4550367/},
year = {2007}
}


@misc{featurematching,
title = {{Feature Matching with FLANN — OpenCV Documentation 3.2.0 documentation}},
url = {https://vovkos.github.io/doxyrest-showcase/opencv/sphinx{\_}rtd{\_}theme/page{\_}tutorial{\_}feature{\_}flann{\_}matcher.html},
urldate = {2018-06-16}
}

@misc{templatematching,
booktitle = {Adaptive Vision},
title = {{Template Matching}},
url = {https://docs.adaptive-vision.com/current/studio/machine{\_}vision{\_}guide/TemplateMatching.html http://docs.adaptive-vision.com/4.7/studio/machine{\_}vision{\_}guide/TemplateMatching.html},
urldate = {2018-01-20}
}


@misc{affinetransform,
title = {{Affine Transformation - MATLAB {\&} Simulink}},
url = {https://uk.mathworks.com/discovery/affine-transformation.html},
urldate = {2018-01-20}
}


@inproceedings{fastmatching,
author = {Korman, Simon and Reichman, Daniel and Tsur, Gilad and Avidan, Shai},
booktitle = {2013 IEEE Conference on Computer Vision and Pattern Recognition},
doi = {10.1109/CVPR.2013.302},
isbn = {978-0-7695-4989-7},
month = {6},
pages = {2331--2338},
publisher = {IEEE},
title = {{FasT-Match: Fast Affine Template Matching}},
url = {http://ieeexplore.ieee.org/document/6619146/},
year = {2013}
}

@misc{modallogic,
title = {{499H | Faculty of Engineering | Imperial College London}},
url = {http://www.imperial.ac.uk/computing/current-students/courses/499H/},
author = {Hodkinson, Ian},
urldate = {2018-01-20}
}

@misc{safebrowsing,
title = {{Safe Browsing – Google Safe Browsing}},
url = {https://safebrowsing.google.com/},
urldate = {2018-01-18}
}

@inproceedings{haarclassification,
author = {Viola, P. and Jones, M.},
booktitle = {Proceedings of the 2001 IEEE Computer Society Conference on Computer Vision and Pattern Recognition. CVPR 2001},
doi = {10.1109/CVPR.2001.990517},
isbn = {0-7695-1272-0},
pages = {I--511--I--518},
publisher = {IEEE Comput. Soc},
title = {{Rapid object detection using a boosted cascade of simple features}},
url = {http://ieeexplore.ieee.org/document/990517/},
volume = {1}
}


@misc{cascadeclassification,
title = {{Cascade Classification — OpenCV 2.4.13.6 documentation}},
url = {https://docs.opencv.org/2.4/modules/objdetect/doc/cascade{\_}classification.html},
urldate = {2018-05-18}
}

@misc{lbpclassification,
annote = {Accessed 28/05/18},
author = {Chang-yeon, Jo},
booktitle = {Stanford.Edu},
url = {http://cs229.stanford.edu/proj2008/Jo-FaceDetectionUsingLBPfeatures.pdf},
pages = {1--4},
title = {{Face Detection using LBP features}},
year = {2008}
}

@misc{mlclassifiers,
title = {{Essentials of Machine Learning Algorithms (with Python and R Codes)}},
url = {https://www.analyticsvidhya.com/blog/2017/09/common-machine-learning-algorithms/},
urldate = {2018-05-18}
}


@misc{warc,
   title = {{WARC, Web ARChive file format}},
   urldate = {2018-05-29},
   url = {https://www.loc.gov/preservation/digital/formats/fdd/fdd000236.shtml},
}

@misc{opencv,
title = {{OpenCV library}},
url = {https://opencv.org/},
urldate = {2018-05-03}
}


@misc{cython,
  title = {{Cython}},
  urldate = {2018-05-30},
  url = {http://cython.org/},
}

@misc{spamclassifier,
  title = {{Building a Spam Filter Using Machine Learning}},
  urldate = {2018-05-30},
  url = {https://www.booleanworld.com/building-spam-filter-using-machine-learning/},
}


@inproceedings{phishbox,
author = {Li, Jhen-Hao and Wang, Sheng-De},
booktitle = {2017 IEEE 15th Intl Conf on Dependable, Autonomic and Secure Computing, 15th Intl Conf on Pervasive Intelligence and Computing, 3rd Intl Conf on Big Data Intelligence and Computing and Cyber Science and Technology Congress(DASC/PiCom/DataCom/CyberSciTech)},
doi = {10.1109/DASC-PICom-DataCom-CyberSciTec.2017.101},
isbn = {978-1-5386-1956-8},
month = {11},
pages = {557--564},
publisher = {IEEE},
title = {{PhishBox: An Approach for Phishing Validation and Detection}},
url = {http://ieeexplore.ieee.org/document/8328445/},
year = {2017}
}


@misc{bnc,
  title = {British National Corpus},
  urldate = {2018-06-02},
  url = {http://www.natcorp.ox.ac.uk/},
}

@misc{letsencrypt,
  title = {Lets Encrypt},
  urldate = {2018-06-03},
  url = {https://letsencrypt.org/}
}

@inproceedings{visualsimilarity,
author = {Haruta, Shuichiro and Asahina, Hiromu and Sasase, Iwao},
booktitle = {GLOBECOM 2017 - 2017 IEEE Global Communications Conference},
doi = {10.1109/GLOCOM.2017.8254506},
isbn = {978-1-5090-5019-2},
month = {12},
pages = {1--6},
publisher = {IEEE},
title = {{Visual Similarity-Based Phishing Detection Scheme Using Image and CSS with Target Website Finder}},
url = {http://ieeexplore.ieee.org/document/8254506/},
year = {2017}
}


@misc{openphish,
  title = {{OpenPhish}},
  urldate = {2018-06-13},
  url = {https://openphish.com/}
}

@misc{illegalfawn,
  title = {{IllegalFawn}},
  urldate = {2018-06-13},
  url = {https://twitter.com/illegalfawn}
}

@misc{publicsuffix,
  title = {{PublicSuffix}},
  urldate = {2018-06-13},
  url = {https://pypi.org/project/publicsuffix/}
}

@misc{publicsuffixmozilla,
  title = {{PublicSuffix}},
  urldate = {2018-06-13},
  url = {https://publicsuffix.org/}
}

@misc{xudongs,
  title = {{Phishing with Unicode Domains}},
  urldate = {2018-06-13},
  url = {https://www.xudongz.com/blog/2017/idn-phishing/},
}

@misc{emergingthreats,
  title = {{ET Intelligence}},
  urldate = {2018-06-14},
  url = {https://www.proofpoint.com/uk/products/et-intelligence},
}

@misc{phishpunch,
  title = {{EmergingThreats/phishpunch}},
  urldate = {2018-06-14},
  url = {https://github.com/EmergingThreats/phishpunch},
}

@misc{effaciousarchitecture,
author = {Gowtham, R. and Krishnamurthi, Ilango},
doi = {10.1016/J.COSE.2013.10.004},
file = {:home/kabeersvohra/.local/share/data/Mendeley Ltd./Mendeley Desktop/Downloaded/Gowtham, Krishnamurthi - 2014 - A comprehensive and efficacious architecture for detecting phishing webpages.pdf:pdf},
issn = {0167-4048},
journal = {Computers {\&} Security},
month = {2},
pages = {23--37},
publisher = {Elsevier Advanced Technology},
title = {{A comprehensive and efficacious architecture for detecting phishing webpages}},
url = {https://www.sciencedirect.com/science/article/pii/S0167404813001442},
volume = {40},
year = {2014}
}

@inproceedings{issuesandperspectives,
author = {Zuhair, Hiba and Selamat, Ali},
booktitle = {2017 IEEE Conference on Open Systems (ICOS)},
doi = {10.1109/ICOS.2017.8280269},
isbn = {978-1-5386-0731-2},
month = {11},
pages = {26--31},
publisher = {IEEE},
title = {{Phishing classification models: Issues and perspectives}},
url = {http://ieeexplore.ieee.org/document/8280269/},
year = {2017}
}


@misc{vmwareexsi,
  title = {{VMware ESXi: The Purpose-Built Bare Metal Hypervisor}},
  urldate = {2018-06-14},
  url = {https://www.vmware.com/uk/products/esxi-and-esx.html},
}

@misc{tmux,
  title = {{tmux/tmux: tmux source code}},
  urldate = {2018-06-14},
  url = {https://github.com/tmux/tmux},
}

@misc{conda,
  title = {{Conda - Conda Documentation}},
  urldate = {2018-06-14},
  url = {https://conda.io/docs/},
}

@misc{rsync,
  title = {{rsync}},
  urldate = {2018-06-14},
  url = {https://rsync.samba.org/},
}

@misc{flann,
title = {{Feature Matching with FLANN — OpenCV 2.4.13.6 documentation}},
url = {https://docs.opencv.org/2.4/doc/tutorials/features2d/feature{\_}flann{\_}matcher/feature{\_}flann{\_}matcher.html},
urldate = {2018-06-16}
}
@misc{flask,
title = {{Welcome | Flask (A Python Microframework)}},
url = {http://flask.pocoo.org/},
urldate = {2018-06-16}
}
@misc{faroo,
title = {{SeekStorm - Search as a Service}},
url = {https://seekstorm.com/},
urldate = {2018-06-16}
}
@misc{duckduckgo,
title = {{DuckDuckGo — Privacy, simplified.}},
url = {https://duckduckgo.com/},
urldate = {2018-06-16}
}
@misc{bing,
title = {{Bing}},
url = {https://www.bing.com/},
urldate = {2018-06-16}
}
@misc{captcha,
title = {{reCAPTCHA: Easy on Humans, Hard on Bots}},
url = {https://www.google.com/recaptcha/intro/v3beta.html},
urldate = {2018-06-16}
}
@misc{beautifulsoup,
title = {{Beautiful Soup Documentation — Beautiful Soup 4.4.0 documentation}},
url = {https://www.crummy.com/software/BeautifulSoup/bs4/doc/},
urldate = {2018-06-16}
}
@misc{warcio,
title = {warcio},
url = {https://pydigger.com/pypi/warcio},
urldate = {2018-06-16}
}
@misc{alexa,
title = {{Keyword Research, Competitive Analysis, {\&} Website Ranking | Alexa}},
url = {https://www.alexa.com/},
urldate = {2018-06-16}
}
@misc{commoncrawl,
title = {{Common Crawl}},
url = {http://commoncrawl.org/},
urldate = {2018-06-16}
}

@misc{pypi,
title = {{PyPI - the Python Package Index}},
url = {https://pypi.org/},
urldate = {2018-06-16}
}